%% This BibTeX bibliography file was created using BibDesk.
%% http://bibdesk.sourceforge.net/


%% Created for Prosunjit Biswas at 2014-09-23 17:58:30 -0500 


%% Saved with string encoding Unicode (UTF-8) 
@article{li2013scalable,
  title={Scalable and secure sharing of personal health records in cloud computing using attribute-based encryption},
  author={Li, Ming and Yu, Shucheng and Zheng, Yao and Ren, Kui and Lou, Wenjing},
  journal={IEEE transactions on parallel and distributed systems},
  volume={24},
  number={1},
  pages={131--143},
  year={2013},
  publisher={IEEE}
}
@article{lang2009flexible,
  title={A flexible attribute based access control method for grid computing},
  author={Lang, Bo and Foster, Ian and Siebenlist, Frank and Ananthakrishnan, Rachana and Freeman, Tim},
  journal={Journal of Grid Computing},
  volume={7},
  number={2},
  pages={169--180},
  year={2009},
  publisher={Springer}
}
@article{wan2012hasbe,
  title={HASBE: a hierarchical attribute-based solution for flexible and scalable access control in cloud computing},
  author={Wan, Zhiguo and Liu, Jun'e and Deng, Robert H},
  journal={IEEE transactions on information forensics and security},
  volume={7},
  number={2},
  pages={743--754},
  year={2012},
  publisher={IEEE}
}
@inproceedings{gupta2016mathrm,
  title={The$\backslash$ mathrm $\{$GURA\_G$\}$ Administrative Model for User and Group Attribute Assignment},
  author={Gupta, Maanak and Sandhu, Ravi},
  booktitle={International Conference on Network and System Security},
  pages={318--332},
  year={2016},
  organization={Springer}
}
@inproceedings{jin2014role,
  title={Role and attribute based collaborative administration of intra-tenant cloud IaaS},
  author={Jin, Xin and Krishnan, Ram and Sandhu, Ravi},
  booktitle={Collaborative Computing: Networking, Applications and Worksharing (CollaborateCom), 2014 International Conference on},
  pages={261--274},
  year={2014},
  organization={IEEE}
}
@article{ngo2016multi,
  title={Multi-tenant attribute-based access control for cloud infrastructure services},
  author={Ngo, Canh and Demchenko, Yuri and de Laat, Cees},
  journal={Journal of Information Security and Applications},
  volume={27},
  pages={65--84},
  year={2016},
  publisher={Elsevier}
}
@inproceedings{cha2012design,
  title={Design of attribute-based access control in cloud computing environment},
  author={Cha, ByungRae and Seo, JaeHyun and Kim, JongWon},
  booktitle={Proceedings of the International Conference on IT Convergence and Security 2011},
  pages={41--50},
  year={2012},
  organization={Springer}
}
@inproceedings{covington2006contextual,
  title={A contextual attribute-based access control model},
  author={Covington, Michael J and Sastry, Manoj R},
  booktitle={On the Move to Meaningful Internet Systems 2006: OTM 2006 Workshops},
  pages={1996--2006},
  year={2006},
  organization={Springer}
}


@misc{keystone,
	Howpublished = {http://docs.openstack.org/developer/keystone/},
	Note = {[Online; accessed 09/2014]},
	Title = {Keystone, the OpenStack Identity Service}}

@misc{swift-definition,
	Howpublished = {http://docs.openstack.org/developer/swift/},
	Note = {[Online; accessed 09/2014]},
	Title = {OpenStack Swift Offical Documentation}}

@misc{object-storage,
	Howpublished = {http://en.wikipedia.org/wiki/Object-storage},
	Note = {[Online; accessed 09/2014]},
	Title = {Object Storage}}

@misc{swift-api,
	Howpublished = {\url{http://docs.openstack.org/api/openstack-object-storage/1.0/content/}},
	Note = {[Online; accessed 09/2014]},
	Title = {{Swift API Official Documentation}}}

@misc{labac,
	Date-Modified = {2014-09-23 22:58:25 +0000},
	Howpublished = {\url{https://pypi.python.org/pypi/labac/0.11}},
	Note = {[Online; accessed 09/2014]},
	Title = {{Python Package - Label Based Access Control}}}

@misc{swift-acl,
	Howpublished = {\url{http://docs.openstack.org/developer/swift/}},
	Note = {[Online; accessed 09/2014]},
	Title = {{Swift ACLs}}}

@misc{json-official-website,
	Date-Modified = {2014-09-18 04:56:13 +0000},
	Howpublished = {\url{http://json.org/}},
	Note = {[Online; accessed 09/2014]},
	Title = {{JSON Official Website}}}

@misc{openstack,
	Howpublished = {\url{http://www.openstack.org/}},
	Note = {[Online; accessed 09/2014]},
	Title = {{OpenStack}}}

@inproceedings{abac-web,
	Author = {Yuan, Eric and Tong, Jin},
	Booktitle = {Web Services, 2005. ICWS 2005. Proceedings. 2005 IEEE International Conference on},
	Organization = {IEEE},
	Title = {Attributed based access control (ABAC) for web services},
	Year = {2005}}

@incollection{abac-alpha,
	Author = {Jin, Xin and Krishnan, Ram and Sandhu, Ravi},
	Booktitle = {Data and applications security and privacy XXVI},
	Pages = {41--55},
	Publisher = {Springer},
	Title = {A unified attribute-based access control model covering DAC, MAC and RBAC},
	Year = {2012}}
