

@article{INCITS526,
	title={{Information technology {-} Next Generation Access Control {-} Generic Operations and Data Structures}},
	author={},
	journal={INCITS 526, American National Standard for Information Technology},
	number={},
	pages={},
	year={},
	publisher={American National Standard for Information Technology}
}


@article{hu2015attribute,
	title={Attribute-based access control},
	author={Hu, Vincent C and Kuhn, D Richard and Ferraiolo, David F},
	journal={Computer},
	number={2},
	pages={85--88},
	year={2015},
	publisher={IEEE}
}

@inproceedings{al2002model,
	title={A model for attribute-based user-role assignment},
	author={Al-Kahtani, Mohammad and Sandhu, Ravi},
	booktitle={Computer Security Applications Conference, 2002. 18th Annual Proceedings. },
	pages={353--362},
	year={2002},
	organization={IEEE}
}

@article{access-control-evaluation,
	title={Guidelines for access control system evaluation metrics},
	author={Hu, Vincent C and Kent, Karen Ann},
	year={2012},
	journal={NISTIR 7874},
	publisher={NIST}
}

@article{sandhu1994access,
	title={Access control: principle and practice},
	author={Sandhu, Ravi S and Samarati, Pierangela},
	journal={Communications Magazine, IEEE},
	volume={32},
	number={9},
	pages={40--48},
	year={1994},
	publisher={IEEE}
}

@article{hu2013guide,
	title={Guide to attribute based access control ({ABAC}) definition and considerations (draft)},
	author={Hu, Vincent C and Ferraiolo, David and Kuhn, Rick and Friedman, Arthur R and Lang, Alan J and Cogdell, Margaret M and Schnitzer, Adam and Sandlin, Kenneth and Miller, Robert and Scarfone, Karen},
	journal={NIST special publication},
	volume={800},
	pages={162},
	year={2013},
	publisher={Citeseer}
}

@article{lbac,
	title={Lattice-based access control models},
	author={Sandhu, Ravi S},
	journal={Computer},
	volume={26},
	number={11},
	pages={9--19},
	year={1993},
	publisher={IEEE}
}

@Misc{satisfiability,
	howpublished = {https://en.wikipedia.org/wiki/Satisfiability},
	note = {Accessed November 25, 2015},
	title = {Satisfiability},
	author = {Wikipedia}
}



@Misc{nccoe-abac-draft,
	howpublished = {https://nccoe.nist.gov/sites/default/files/nccoe/NIST_SP1800-3c_ABAC_0.pdf},
	note = {Accessed November 25, 2015},
	title = {ATTRIBUTE BASED ACCESS CONTROL How-To Guides For Security Engineers},
	author = {NCCOE}
}

@Misc{ldap,
	howpublished = {https://en.wikipedia.org/wiki/Lightweight_Directory_Access_Protocol},
	note = {Accessed November 25, 2015},
	title = {LDAP},
	author = {Wikipedia}
}



@inproceedings{rbac-with-attribute1,
	Author = {Huang, Jingwei and Nicol, David M and Bobba, Rakesh and Huh, Jun Ho},
	Booktitle = {Proceedings of the 17th ACM Symposium on Access Control Models and Technologies},
	Organization = {ACM},
	Pages = {187--196},
	Title = {A framework integrating attribute-based policies into role-based access control},
	Year = {2012}}

@inproceedings{sandhu2012authorization,
	Author = {Sandhu, Ravi},
	Booktitle = {Proceedings of the 17th ACM Symposium on Access Control Models and Technologies},
	Organization = {ACM},
	Pages = {69--70},
	Title = {The authorization leap from rights to attributes: maturation or chaos?},
	Year = {2012}}

@article{xacml,
	Author = {Moses, Tim and others},
	Journal = {Oasis Standard},
	Title = {Extensible access control markup language ({XACML}) version 2.0},
	Volume = {},
	Year = {2005}}

@article{grid-abac,
	Author = {Lang, Bo and Foster, Ian and Siebenlist, Frank and Ananthakrishnan, Rachana and Freeman, Tim},
	Journal = {Journal of Grid Computing},
	Number = {2},
	Pages = {169--180},
	Publisher = {Springer},
	Title = {A flexible attribute based access control method for grid computing},
	Volume = {7},
	Year = {2009}}

@inproceedings{abac-ws,
	Author = {Shen, Hai-bo and Hong, Fan},
	Booktitle = {PDCAT'06.},
	Organization = {IEEE},
	Pages = {74--79},
	Title = {An attribute-based access control model for web services},
	Year = {2006}}

@inproceedings{wang2004logic,
	Author = {Wang, Lingyu and Wijesekera, Duminda and Jajodia, Sushil},
	Booktitle = {Proceedings. FMSE '04},
	Organization = {ACM},
	Pages = {45--55},
	Title = {A logic-based framework for attribute based access control},
	Year = {2004}}

@article{rbac,
	Author = {Sandhu, Ravi S and Coyne, Edward J and Feinstein, Hal L and Youman, Charles E},
	Journal = {Computer},
	Number = {2},
	Pages = {38--47},
	Publisher = {IEEE},
	Title = {Role-based access control models},
	Year = {1996}}

@inproceedings{attribute-administration,
	Author = {Jin, Xin and Krishnan, Ram and Sandhu, Ravi},
	Booktitle = {Proceedings. SRAS 2012},
	Organization = {ACM},
	Pages = {7--12},
	Title = {A role-based administration model for attributes},
	Year = {2012}}

\vfill \eject 
@article{hru,
	Author = {Harrison, Michael A and Ruzzo, Walter L and Ullman, Jeffrey D},
	Journal = {Communications of the ACM},
	Number = {8},
	Pages = {461--471},
	Publisher = {ACM},
	Title = {Protection in operating systems},
	Volume = {19},
	Year = {1976}}

@article{abacAlpha,
	Author = {Jin, Xin and Krishnan, Ram and Sandhu, Ravi S},
	Journal = {DBSec},
	Pages = {41--55},
	Publisher = {Springer},
	Title = {A Unified Attribute-Based Access Control Model Covering {DAC}, {MAC} and {RBAC}.},
	Volume = {12},
	Year = {2012}}

@incollection{hgabac,
	Author = {Servos, Daniel and Osborn, Sylvia L},
	Booktitle = {Foundations and Practice of Security},
	Pages = {187--204},
	Publisher = {Springer},
	Title = {{HGABAC}: Towards a Formal Model of Hierarchical Attribute-Based Access Control},
	Year = {2014}}

@article{nist-rbac,
	Author = {Ferraiolo, David F and Sandhu, Ravi and Gavrila, Serban and Kuhn, D Richard and Chandramouli, Ramaswamy},
	Journal = {ACM TISSEC},
	Number = {3},
	Pages = {224--274},
	Publisher = {ACM},
	Title = {Proposed {NIST} standard for role-based access control},
	Volume = {4},
	Year = {2001}}

@inproceedings{two-sorted-rbac,
	Author = {Kuijper, Wouter and Ermolaev, Victor},
	Booktitle = {Proceedings of the 19th ACM SACMAT},
	Organization = {ACM},
	Pages = {63--74},
	Title = {Sorting out role based access control},
	Year = {2014}}

@article{nist-abac-draft,
	Author = {Hu, Vincent C and Ferraiolo, David and Kuhn, Rick and Schnitzer, Adam and Sandlin, Kenneth and Miller, Robert and Scarfone, Karen},
	Journal = {NIST Special Publication},
	Pages = {162},
	Title = {Guide to attribute based access control  ({ABAC}) definition and considerations},
	Volume = {800},
	Year = {2014}}

@article{policy-machine,
	Author = {Ferraiolo, David and Atluri, Vijayalakshmi and Gavrila, Serban},
	Journal = {Journal of Systems Architecture},
	Number = {4},
	Pages = {412--424},
	Publisher = {Elsevier},
	Title = {The {Policy} {Machine}: A novel architecture and framework for access control policy specification and enforcement},
	Volume = {57},
	Year = {2011}}

@article{kuhn2010adding,
	Author = {Kuhn, D Richard and Coyne, Edward J and Weil, Timothy R},
	Journal = {Computer},
	Number = {6},
	Pages = {79--81},
	Publisher = {IEEE},
	Title = {Adding attributes to role-based access control},
	Year = {2010}}

@inproceedings{abac-for-web-service,
	Author = {Yuan, Eric and Tong, Jin},
	Booktitle = {Proceedings. 2005 IEEE International Conference on Web Service},
	Organization = {IEEE},
	Title = {Attributed based access control {(ABAC)} for web services},
	Year = {2005}}

@inproceedings{policy-composing,
	Author = {Ferraiolo, David F and Gavrila, Serban and Hu, Vincent and Kuhn, D Richard},
	Booktitle = {Proceedings of the 10th ACM SACMAT},
	Organization = {ACM},
	Pages = {11--20},
	Title = {Composing and combining policies under the policy machine},
	Year = {2005}}
@article{abcl,
	title={Constraints Specication in Attribute Based Access Control},
	author={Bijon, Khalid Zaman and Krishman, Ram and Sandhu, Ravi},
	journal={Science},
	volume={2},
	number={3},
	pages={pp--131},
	year={2013}
}

@article{rcl,
	title={Role-based authorization constraints specification},
	author={Ahn, Gail-Joon and Sandhu, Ravi},
	journal={ACM TISSEC},
	volume={3},
	number={4},
	pages={207--226},
	year={2000},
	publisher={ACM}
}

@inproceedings{tripli,
	title={Comparing the expressive power of access control models},
	author={Tripunitara, Mahesh V and Li, Ninghui},
	booktitle={Proceedings of the 11th ACM CCS},
	pages={62--71},
	year={2004},
	organization={}
}
@inproceedings{dsod,
	title={Separation of duty in role-based environments},
	author={Simon, Richard T and Zurko, Mary Ellen},
	booktitle={Computer Security Foundations Workshop, 1997. Proceedings., 10th},
	pages={183--194},
	year={1997},
	organization={IEEE}
}
